@inbook{asl,
    author    = {David Salomon},
    year      = {1993},
    title     = {Assemblers And Loaders},
    publisher = {Ellis Horwood Ltd},
    address   = {Cooper Street, Chichester, PO19 1EB},
    edition   = {1},
    chapter   = {1--4}
}

@misc{subleq,
  title        = {Subleq},
  year         = {2021},
  note         = {Online, accesat 10/11/2021},
  howpublished = "\url{https://esolangs.org/wiki/Subleq}"
}

@misc{dawn,
  author       = {Geri},
  howpublished = "\url{http://users.atw.hu/gerigeri/DawnOS/index.html}",
  title        = {Dawn - operating system for SUBLEQ architecture},
  year         = {2021},
  note         = {Online, accesat 17/11/2021}
}